@article{bascompte_plant-animal_2007,
	title = {Plant-{Animal} {Mutualistic} {Networks}: {The} {Architecture} of {Biodiversity}},
	volume = {38},
	issn = {1543-592X, 1545-2069},
	shorttitle = {Plant-{Animal} {Mutualistic} {Networks}},
	url = {http://www.annualreviews.org/doi/10.1146/annurev.ecolsys.38.091206.095818},
	doi = {10.1146/annurev.ecolsys.38.091206.095818},
	language = {en},
	number = {1},
	urldate = {2017-01-27},
	journal = {Annual Review of Ecology, Evolution, and Systematics},
	author = {Bascompte, Jordi and Jordano, Pedro},
	month = dec,
	year = {2007},
	pages = {567--593}
}

@article{schleuning_predicting_2015,
	title = {Predicting ecosystem functions from biodiversity and mutualistic networks: an extension of trait-based concepts to plant-animal interactions},
	volume = {38},
	issn = {09067590},
	shorttitle = {Predicting ecosystem functions from biodiversity and mutualistic networks},
	url = {http://doi.wiley.com/10.1111/ecog.00983},
	doi = {10.1111/ecog.00983},
	language = {en},
	number = {4},
	urldate = {2017-01-27},
	journal = {Ecography},
	author = {Schleuning, Matthias and Fründ, Jochen and García, Daniel},
	month = apr,
	year = {2015},
	pages = {380--392}
}
